
@phdthesis{LengrandPhD,
  author = {{St\'ephane} Lengrand},
  title = {Normalisation \& Equivalence in Proof Theory \& Type
               Theory},
  school = {Universit{\'e} {Paris} 7 \& University of {St}
               {Andrews}},
  year = {2006}
}

@InProceedings{Let2008, 
 author = {P. Letouzey}, 
 title = {{Coq Extraction, an Overview}},
 booktitle = {{Logic and Theory of Algorithms, Fourth Conference on Computability in Europe, CiE 2008}},
 editor = {A. Beckmann, C. Dimitracopoulos, and B. L{\"o}we},
 volume = 5028,
 publisher =    {Springer-Verlag},
 series =       {Lecture Notes in Computer Science}, 
 year = 2008
}

@Article{kes09,
  author =	 {D. Kesner},
  title =	 {{A Theory of Explicit Substitutions with Safe and
                  Full Composition}},
  journal =	 {Logical Methods in Computer Science},
  year =	 2009,
  volume =	 5,
  number =	 {3:1},
  pages =	 {1-29}
}
